@article{juancruz,
    author = "Juan Cruz Villena",
    title = "Packet Tracer",
    journal = "RC1",
    year = "2024"
}